<?xml version="1.0" encoding="UTF-8" standalone="no"?>
<record xmlns="http://www.loc.gov/MARC21/slim">
    <leader>00000    a2200000   4500</leader>

    <controlfield tag="001">123232283</controlfield>
    <controlfield tag="008">070409s2008    nyu                 eng  </controlfield>
    <datafield ind1=" " ind2=" " tag="020">
      <subfield code="a">9780375404047</subfield>
    </datafield>
    <datafield ind1=" " ind2=" " tag="020">
      <subfield code="a">037540404X</subfield>

    </datafield>
    <datafield ind1="1" ind2=" " tag="100">
      <subfield code="a">Faust, Drew Gilpin.</subfield>
    </datafield>
    <datafield ind1="1" ind2="0" tag="245">
      <subfield code="a">This republic of suffering :</subfield>
      <subfield code="b">death and the American Civil War /</subfield>

      <subfield code="c">Drew Gilpin Faust.</subfield>
    </datafield>
    <datafield ind1=" " ind2=" " tag="260">
      <subfield code="a">New York :</subfield>
      <subfield code="b">Alfred A. Knopf,</subfield>
      <subfield code="c">2008.</subfield>
    </datafield>

    <datafield ind1=" " ind2=" " tag="300">
      <subfield code="a">xviii, 346 p. :</subfield>
      <subfield code="b">ill. ;</subfield>
      <subfield code="c">25 cm.</subfield>
    </datafield>
    <datafield ind1="0" ind2=" " tag="505">
      <subfield code="a">The work of death -- Dying: "to lay down my life" -- Killing: "the harder courage" -- Burying: "new lessons caring for the dead" -- Naming: "the significant word UNKNOWN" -- Realizing: civilians and the work of mourning -- Believing and doubting: "what means this carnage?" -- Accounting: "our obligations to the dead" -- Numbering: "how many? how many?" -- Epilogue: Surviving.</subfield>

    </datafield>
    <datafield ind1=" " ind2=" " tag="520">
      <subfield code="a">An illuminating study of the American struggle to comprehend the meaning and practicalities of death in the face of the unprecedented carnage of the Civil War. During the war, approximately 620,000 soldiers lost their lives. An equivalent proportion of today's population would be six million. This book explores the impact of this enormous death toll from every angle: material, political, intellectual, and spiritual. Historian Faust delineates the ways death changed not only individual lives but the life of the nation and its understanding of the rights and responsibilities of citizenship. She describes how survivors mourned and how a deeply religious culture struggled to reconcile the slaughter with its belief in a benevolent God, and reconceived its understanding of life after death.--From publisher description.</subfield>
    </datafield>
    <datafield ind1=" " ind2="0" tag="651">
      <subfield code="a">United States</subfield>
      <subfield code="x">History</subfield>

      <subfield code="y">Civil War, 1861-1865</subfield>
      <subfield code="x">Social aspects.</subfield>
    </datafield>
    <datafield ind1=" " ind2="0" tag="651">
      <subfield code="a">United States</subfield>
      <subfield code="x">History</subfield>
      <subfield code="y">Civil War, 1861-1865</subfield>

      <subfield code="x">Psychological aspects.</subfield>
    </datafield>
    <datafield ind1=" " ind2="0" tag="651">
      <subfield code="a">United States</subfield>
      <subfield code="x">History</subfield>
      <subfield code="y">Civil War, 1861-1865</subfield>
      <subfield code="x">Influence.</subfield>

    </datafield>
    <datafield ind1=" " ind2="0" tag="650">
      <subfield code="a">Death</subfield>
      <subfield code="x">Social aspects</subfield>
      <subfield code="z">United States</subfield>
      <subfield code="x">History</subfield>
      <subfield code="y">19th century.</subfield>

    </datafield>
    <datafield ind1=" " ind2="0" tag="650">
      <subfield code="a">Death</subfield>
      <subfield code="z">United States</subfield>
      <subfield code="x">Psychological aspects</subfield>
      <subfield code="x">History</subfield>
      <subfield code="y">19th century.</subfield>

    </datafield>
    <datafield ind1=" " ind2="0" tag="650">
      <subfield code="a">Burial</subfield>
      <subfield code="x">Social aspects</subfield>
      <subfield code="z">United States</subfield>
      <subfield code="x">History</subfield>
      <subfield code="y">19th century.</subfield>

    </datafield>
    <datafield ind1=" " ind2="0" tag="650">
      <subfield code="a">Burial</subfield>
      <subfield code="z">United States</subfield>
      <subfield code="x">Psychological aspects</subfield>
      <subfield code="x">History</subfield>
      <subfield code="y">19th century.</subfield>

    </datafield>
    <datafield ind1="1" ind2="7" tag="650">
      <subfield code="a">Amerikaanse burgeroorlog.</subfield>
      <subfield code="2">gtt</subfield>
    </datafield>
    <datafield ind1="1" ind2="7" tag="650">
      <subfield code="a">Soldaten.</subfield>

      <subfield code="2">gtt</subfield>
    </datafield>
    <datafield ind1="1" ind2="7" tag="650">
      <subfield code="a">Dood.</subfield>
      <subfield code="2">gtt</subfield>
    </datafield>
    <datafield ind1="1" ind2="7" tag="650">

      <subfield code="a">Coping.</subfield>
      <subfield code="2">gtt</subfield>
    </datafield>
    <datafield ind1=" " ind2="7" tag="651">
      <subfield code="a">Verenigde Staten.</subfield>
      <subfield code="2">gtt</subfield>
    </datafield>

    <datafield ind1="4" ind2="1" tag="856">
      <subfield code="3">Table of contents only</subfield>
      <subfield code="u">http://www.loc.gov/catdir/toc/ecip0715/2007014658.html</subfield>
    </datafield>
  </record>
</recordData>
</record>