
<record>
<recordSchema>info:srw/schema/1/marcxml</recordSchema>

<recordPacking>xml</recordPacking>
<recordData>
<record xmlns="http://www.loc.gov/MARC21/slim">
    <leader>00000    a2200000   4500</leader>
    <controlfield tag="001">225870878</controlfield>
    <controlfield tag="008">080418s2008    nyu                 eng  </controlfield>
    <datafield ind1=" " ind2=" " tag="020">
      <subfield code="a">0618574913</subfield>

    </datafield>
    <datafield ind1=" " ind2=" " tag="020">
      <subfield code="a">9780618574919</subfield>
    </datafield>
    <datafield ind1="1" ind2=" " tag="100">
      <subfield code="a">Silvey, Anita.</subfield>
    </datafield>
    <datafield ind1="1" ind2="0" tag="245">

      <subfield code="a">I'll pass for your comrade :</subfield>
      <subfield code="b">women soldiers in the Civil War /</subfield>
      <subfield code="c">Anita Silvey.</subfield>
    </datafield>
    <datafield ind1=" " ind2=" " tag="260">
      <subfield code="a">New York :</subfield>
      <subfield code="b">Clarion Books,</subfield>

      <subfield code="c">c2008.</subfield>
    </datafield>
    <datafield ind1=" " ind2=" " tag="300">
      <subfield code="a">115 p. :</subfield>
      <subfield code="b">ill., maps ;</subfield>
      <subfield code="c">24 cm.</subfield>
    </datafield>

    <datafield ind1="0" ind2=" " tag="505">
      <subfield code="a">"The music of regimental bands": the first Battle of Bull Run -- "Won't you let me come with you?": reasons for becoming a soldier -- "Don the breeches": enlisting in the military -- "A skirmish drill is the prettiest drill": a soldier's life -- "The whole landscape for an instant turned slightly red": women at Antietam -- "I would rather have been shot dead": hospitals and prisons -- "Touched with fire": after the war.</subfield>
    </datafield>
    <datafield ind1=" " ind2=" " tag="520">
      <subfield code="a">Sarah Emma Edmonds enlisted because she believed in the Union cause; Melverina Peppercorn joined to stay near her twin brother. Although women were not allowed to enlist as soldiers in the Civil War, many disguised themselves as men and fought anyway.</subfield>
    </datafield>
    <datafield ind1="8" ind2=" " tag="586">
      <subfield code="a">A Junior Library Guild selection</subfield>

    </datafield>
    <datafield ind1=" " ind2="0" tag="650">
      <subfield code="a">Women soldiers</subfield>
      <subfield code="z">United States</subfield>
      <subfield code="x">History</subfield>
      <subfield code="y">19th century</subfield>
      <subfield code="v">Juvenile literature.</subfield>

    </datafield>
    <datafield ind1=" " ind2="0" tag="650">
      <subfield code="a">Women soldiers</subfield>
      <subfield code="z">Confederate States of America</subfield>
      <subfield code="x">History</subfield>
      <subfield code="y">19th century</subfield>
      <subfield code="v">Juvenile literature.</subfield>

    </datafield>
    <datafield ind1=" " ind2="0" tag="650">
      <subfield code="a">Women</subfield>
      <subfield code="z">United States</subfield>
      <subfield code="x">History</subfield>
      <subfield code="y">19th century</subfield>
      <subfield code="v">Juvenile literature.</subfield>

    </datafield>
    <datafield ind1=" " ind2="0" tag="650">
      <subfield code="a">Women</subfield>
      <subfield code="z">Confederate States of America</subfield>
      <subfield code="x">History</subfield>
      <subfield code="v">Juvenile literature.</subfield>
    </datafield>

    <datafield ind1=" " ind2="0" tag="651">
      <subfield code="a">United States</subfield>
      <subfield code="x">History</subfield>
      <subfield code="y">Civil War, 1861-1865</subfield>
      <subfield code="x">Participation, Female</subfield>
      <subfield code="v">Juvenile literature.</subfield>

    </datafield>
    <datafield ind1=" " ind2="0" tag="651">
      <subfield code="a">United States</subfield>
      <subfield code="x">History</subfield>
      <subfield code="y">Civil War, 1861-1865</subfield>
      <subfield code="x">Women</subfield>
      <subfield code="v">Juvenile literature.</subfield>

    </datafield>
    <datafield ind1=" " ind2="0" tag="655">
      <subfield code="a">War stories.</subfield>
    </datafield>
    <datafield ind1=" " ind2="1" tag="651">
      <subfield code="a">United States</subfield>
      <subfield code="x">History</subfield>

      <subfield code="y">Civil War, 1861-1865</subfield>
      <subfield code="x">Participation, Female.</subfield>
    </datafield>
    <datafield ind1=" " ind2="1" tag="651">
      <subfield code="a">United States</subfield>
      <subfield code="x">History</subfield>
      <subfield code="y">Civil War, 1861-1865</subfield>

      <subfield code="x">Women.</subfield>
    </datafield>
    <datafield ind1=" " ind2="1" tag="650">
      <subfield code="a">Women soldiers</subfield>
      <subfield code="z">United States</subfield>
      <subfield code="x">History</subfield>
      <subfield code="y">19th century.</subfield>

    </datafield>
    <datafield ind1=" " ind2="1" tag="650">
      <subfield code="a">Women soldiers</subfield>
      <subfield code="z">Confederate States of America</subfield>
      <subfield code="x">History</subfield>
      <subfield code="y">19th century.</subfield>
    </datafield>

    <datafield ind1=" " ind2="1" tag="650">
      <subfield code="a">Women</subfield>
      <subfield code="z">United States</subfield>
      <subfield code="x">History</subfield>
      <subfield code="y">19th century.</subfield>
    </datafield>
    <datafield ind1=" " ind2="1" tag="650">

      <subfield code="a">Women</subfield>
      <subfield code="z">Confederate States of America</subfield>
      <subfield code="x">History.</subfield>
    </datafield>
    <datafield ind1="4" ind2="1" tag="856">
      <subfield code="3">Table of contents only</subfield>
      <subfield code="u">http://www.loc.gov/catdir/toc/ecip0817/2008018053.html</subfield>

    </datafield>
  </record>
</recordData>
</record>