
<record>
<recordSchema>info:srw/schema/1/marcxml</recordSchema>
<recordPacking>xml</recordPacking>
<recordData>
<record xmlns="http://www.loc.gov/MARC21/slim">
    <leader>00000    a2200000   4500</leader>
    <controlfield tag="001">191090259</controlfield>

    <controlfield tag="008">080111s2009    nyu                 eng  </controlfield>
    <datafield ind1=" " ind2=" " tag="020">
      <subfield code="a">9780374312558 (hardcover)</subfield>
    </datafield>
    <datafield ind1=" " ind2=" " tag="020">
      <subfield code="a">0374312559 (hardcover)</subfield>
    </datafield>

    <datafield ind1="1" ind2=" " tag="100">
      <subfield code="a">Warren, Andrea.</subfield>
    </datafield>
    <datafield ind1="1" ind2="0" tag="245">
      <subfield code="a">Under siege! :</subfield>
      <subfield code="b">three children at the Civil War battle for Vicksburg /</subfield>
      <subfield code="c">by Andrea Warren.</subfield>

    </datafield>
    <datafield ind1="3" ind2="0" tag="246">
      <subfield code="a">Three children at the Civil War battle for Vicksburg</subfield>
    </datafield>
    <datafield ind1=" " ind2=" " tag="260">
      <subfield code="a">New York :</subfield>
      <subfield code="b">Melanie Kroupa Books,</subfield>

      <subfield code="c">2009.</subfield>
    </datafield>
    <datafield ind1=" " ind2=" " tag="300">
      <subfield code="a">166 p. :</subfield>
      <subfield code="b">ill., maps ;</subfield>
      <subfield code="c">25 cm.</subfield>
    </datafield>

    <datafield ind1="0" ind2=" " tag="505">
      <subfield code="a">War comes to Vicksburg : December 1862 -- The Christmas Eve Ball : December 24, 1862 -- The general's boy goes to war : spring 1863 -- Burying the family silver : late spring 1863 -- At the battle front : late spring 1863 -- The Yankees are coming! : May 1863 -- The road to Vicksburg : May 15-18, 1863 -- Enemy at the gates : May 17-25, 1863 -- Into the caves : late May and early June 1863 -- Dangerous days : early June 1863 -- Growing desperation : middle June 1863 -- Empty stomachs : late June 1863 -- Surrender! : July 4, 1863 -- The unfinished war : July 1863 and beyond -- Postscripts -- Other information about the war -- Facts about the war -- Children orphaned by war -- Women and the war -- Reconstruction.</subfield>
    </datafield>
    <datafield ind1=" " ind2=" " tag="520">
      <subfield code="a">This book looks at the 1862-63 battle for Vicksburg through the eyes of three children: ten-year-old Lucy, the daughter of a Vicksburg merchant; eleven-year-old Willie, the son of a minister; and twelve-year old Frederick, the son of Ulysses S. Grant.</subfield>
    </datafield>
    <datafield ind1="8" ind2=" " tag="586">
      <subfield code="a">A Junior Library Guild selection.</subfield>

    </datafield>
    <datafield ind1=" " ind2="0" tag="651">
      <subfield code="a">Vicksburg (Miss.)</subfield>
      <subfield code="x">History</subfield>
      <subfield code="y">Siege, 1863</subfield>
      <subfield code="v">Juvenile literature.</subfield>
    </datafield>

    <datafield ind1=" " ind2="0" tag="651">
      <subfield code="a">United States</subfield>
      <subfield code="x">History</subfield>
      <subfield code="y">Civil War, 1861-1865</subfield>
      <subfield code="x">Children</subfield>
      <subfield code="v">Juvenile literature.</subfield>

    </datafield>
    <datafield ind1=" " ind2="0" tag="650">
      <subfield code="a">Children</subfield>
      <subfield code="z">Mississippi</subfield>
      <subfield code="z">Vicksburg</subfield>
      <subfield code="x">History</subfield>
      <subfield code="y">19th century</subfield>

      <subfield code="v">Juvenile literature.</subfield>
    </datafield>
    <datafield ind1=" " ind2="1" tag="651">
      <subfield code="a">Vicksburg (Miss.)</subfield>
      <subfield code="x">History</subfield>
      <subfield code="y">Siege, 1863.</subfield>
    </datafield>

    <datafield ind1=" " ind2="1" tag="651">
      <subfield code="a">United States</subfield>
      <subfield code="x">History</subfield>
      <subfield code="y">Civil War, 1861-1865</subfield>
      <subfield code="x">Children.</subfield>
    </datafield>
    <datafield ind1=" " ind2="1" tag="650">

      <subfield code="a">Children</subfield>
      <subfield code="z">Mississippi</subfield>
      <subfield code="z">Vicksburg</subfield>
      <subfield code="x">History</subfield>
      <subfield code="y">19th century.</subfield>
    </datafield>

    <datafield ind1="4" ind2="2" tag="856">
      <subfield code="3">Contributor biographical information</subfield>
      <subfield code="u">http://www.loc.gov/catdir/enhancements/fy0902/2008001136-b.html</subfield>
    </datafield>
    <datafield ind1="4" ind2="2" tag="856">
      <subfield code="3">Publisher description</subfield>
      <subfield code="u">http://www.loc.gov/catdir/enhancements/fy0902/2008001136-d.html</subfield>

    </datafield>
  </record>
</recordData>
</record>