
<record>
<recordSchema>info:srw/schema/1/marcxml</recordSchema>
<recordPacking>xml</recordPacking>
<recordData>
<record xmlns="http://www.loc.gov/MARC21/slim">
    <leader>00000    a2200000   4500</leader>
    <controlfield tag="001">42708123</controlfield>

    <controlfield tag="008">991015s2000    nyu                 eng  </controlfield>
    <datafield ind1=" " ind2=" " tag="020">
      <subfield code="a">067989067X</subfield>
    </datafield>
    <datafield ind1=" " ind2=" " tag="020">
      <subfield code="a">9780679890676</subfield>
    </datafield>

    <datafield ind1=" " ind2=" " tag="020">
      <subfield code="a">0679990674 (lib. bdg.)</subfield>
    </datafield>
    <datafield ind1=" " ind2=" " tag="020">
      <subfield code="a">9780679990673 (lib. bdg.)</subfield>
    </datafield>
    <datafield ind1="1" ind2=" " tag="100">
      <subfield code="a">Osborne, Mary Pope.</subfield>

    </datafield>
    <datafield ind1="1" ind2="0" tag="245">
      <subfield code="a">Civil War on Sunday /</subfield>
      <subfield code="c">[Mary Pope Osborne ; illustrated by Sal Murdocca].</subfield>
    </datafield>
    <datafield ind1=" " ind2=" " tag="260">
      <subfield code="a">New York :</subfield>

      <subfield code="b">Random House,</subfield>
      <subfield code="c">2000.</subfield>
    </datafield>
    <datafield ind1=" " ind2=" " tag="300">
      <subfield code="a">72 p. :</subfield>
      <subfield code="b">ill. ;</subfield>
      <subfield code="c">20 cm.</subfield>

    </datafield>
    <datafield ind1="1" ind2=" " tag="490">
      <subfield code="a">Magic tree house ;</subfield>
      <subfield code="v">#21</subfield>
    </datafield>
    <datafield ind1=" " ind2=" " tag="500">
      <subfield code="a">"A Stepping Stone book."</subfield>

    </datafield>
    <datafield ind1=" " ind2=" " tag="520">
      <subfield code="a">Jack and Annie are transported by their magic tree house to the time of the Civil War where they meet Clara Barton.</subfield>
    </datafield>
    <datafield ind1=" " ind2="1" tag="650">
      <subfield code="a">Time travel</subfield>
      <subfield code="v">Fiction.</subfield>

    </datafield>
    <datafield ind1=" " ind2="1" tag="650">
      <subfield code="a">Magic</subfield>
      <subfield code="v">Fiction.</subfield>
    </datafield>
    <datafield ind1=" " ind2="1" tag="651">
      <subfield code="a">United States</subfield>

      <subfield code="x">History</subfield>
      <subfield code="y">Civil War, 1861-1865</subfield>
      <subfield code="v">Fiction.</subfield>
    </datafield>
    <datafield ind1="1" ind2="1" tag="600">
      <subfield code="a">Barton, Clara,</subfield>
      <subfield code="d">1821-1912</subfield>

      <subfield code="v">Fiction.</subfield>
    </datafield>
    <datafield ind1=" " ind2="1" tag="650">
      <subfield code="a">Tree houses</subfield>
      <subfield code="v">Fiction.</subfield>
    </datafield>
    <datafield ind1="1" ind2="0" tag="600">

      <subfield code="a">Barton, Clara,</subfield>
      <subfield code="d">1821-1912</subfield>
      <subfield code="v">Juvenile fiction.</subfield>
    </datafield>
    <datafield ind1=" " ind2="0" tag="650">
      <subfield code="a">Brothers and sisters</subfield>
      <subfield code="v">Juvenile fiction.</subfield>

    </datafield>
    <datafield ind1=" " ind2="0" tag="650">
      <subfield code="a">Time travel</subfield>
      <subfield code="v">Juvenile fiction.</subfield>
    </datafield>
    <datafield ind1=" " ind2="0" tag="650">
      <subfield code="a">Magic</subfield>

      <subfield code="v">Juvenile fiction.</subfield>
    </datafield>
    <datafield ind1=" " ind2="0" tag="650">
      <subfield code="a">Tree houses</subfield>
      <subfield code="v">Juvenile fiction.</subfield>
    </datafield>
    <datafield ind1=" " ind2="0" tag="651">

      <subfield code="a">United States</subfield>
      <subfield code="x">History</subfield>
      <subfield code="y">Civil War, 1861-1865</subfield>
      <subfield code="v">Juvenile fiction.</subfield>
    </datafield>
    <datafield ind1="1" ind2=" " tag="700">
      <subfield code="a">Murdocca, Sal,</subfield>

      <subfield code="e">ill.</subfield>
    </datafield>
    <datafield ind1="4" ind2="2" tag="856">
      <subfield code="3">Publisher description</subfield>
      <subfield code="u">http://www.loc.gov/catdir/description/random045/99054072.html</subfield>
    </datafield>
  </record>

</recordData>
</record>