
<record>
<recordSchema>info:srw/schema/1/marcxml</recordSchema>
<recordPacking>xml</recordPacking>
<recordData>
<record xmlns="http://www.loc.gov/MARC21/slim">
    <leader>00000    a2200000   4500</leader>
    <controlfield tag="001">43487214</controlfield>
    <controlfield tag="008">000106s2000    nyu                 eng  </controlfield>

    <datafield ind1=" " ind2=" " tag="020">
      <subfield code="a">078946988X (lib.)</subfield>
    </datafield>
    <datafield ind1=" " ind2=" " tag="020">
      <subfield code="a">9780789469885 (lib.)</subfield>
    </datafield>
    <datafield ind1=" " ind2=" " tag="020">
      <subfield code="a">0789463024</subfield>

    </datafield>
    <datafield ind1=" " ind2=" " tag="020">
      <subfield code="a">9780789463029</subfield>
    </datafield>
    <datafield ind1="1" ind2=" " tag="100">
      <subfield code="a">Stanchak, John E.</subfield>
    </datafield>
    <datafield ind1="1" ind2="0" tag="245">

      <subfield code="a">Civil War /</subfield>
      <subfield code="c">written by John Stanchak.</subfield>
    </datafield>
    <datafield ind1=" " ind2=" " tag="260">
      <subfield code="a">New York :</subfield>
      <subfield code="b">Dorling Kindersley Pub.,</subfield>
      <subfield code="c">c2000.</subfield>

    </datafield>
    <datafield ind1=" " ind2=" " tag="300">
      <subfield code="a">64 p. :</subfield>
      <subfield code="b">ill. (some col.), 1 col. map ;</subfield>
      <subfield code="c">29 cm.</subfield>
    </datafield>
    <datafield ind1=" " ind2="0" tag="440">

      <subfield code="a">DK eyewitness books</subfield>
    </datafield>
    <datafield ind1=" " ind2=" " tag="500">
      <subfield code="a">Includes index.</subfield>
    </datafield>
    <datafield ind1="0" ind2=" " tag="505">
      <subfield code="a">Long argument -- Slave life -- Election of 1860 -- Underground Railroad -- Secession -- Raising armies -- Everyone's war -- Women at war -- Young and the old -- Outfitting armies -- Bull Run -- Sick and wounded -- Great commanders -- Arming soldiers -- Black volunteers -- Horsemen -- Army camp life -- Field artillery -- Gettysburg -- Siege of Vicksburg -- Northern life  -- Confederate culture -- War on the water -- Secret war -- March to the Sea -- Confederacy surrenders -- Fates of two leaders -- Life of freedom -- New era begins -- Index.</subfield>

    </datafield>
    <datafield ind1=" " ind2=" " tag="520">
      <subfield code="a">Examines many aspects of the Civil War, including the issue of slavery, secession, the raising of armies, individual battles, the commanders, Northern life, Confederate culture, the surrender of the South, and the aftermath.</subfield>
    </datafield>
    <datafield ind1=" " ind2="0" tag="651">
      <subfield code="a">United States</subfield>
      <subfield code="x">History</subfield>

      <subfield code="y">Civil War, 1861-1865</subfield>
      <subfield code="v">Juvenile literature.</subfield>
    </datafield>
    <datafield ind1=" " ind2="1" tag="651">
      <subfield code="a">United States</subfield>
      <subfield code="x">History</subfield>
      <subfield code="y">Civil War, 1861-1865.</subfield>

    </datafield>
  </record>
</recordData>
</record>