
<record>
<recordSchema>info:srw/schema/1/marcxml</recordSchema>
<recordPacking>xml</recordPacking>
<recordData>
<record xmlns="http://www.loc.gov/MARC21/slim">
    <leader>00000    a2200000   4500</leader>
    <controlfield tag="001">303042537</controlfield>

    <controlfield tag="008">090508s2009    nyu                 eng  </controlfield>
    <datafield ind1=" " ind2=" " tag="020">
      <subfield code="a">9780307263438</subfield>
    </datafield>
    <datafield ind1=" " ind2=" " tag="020">
      <subfield code="a">0307263436</subfield>
    </datafield>

    <datafield ind1="1" ind2=" " tag="100">
      <subfield code="a">Keegan, John,</subfield>
      <subfield code="d">1934-</subfield>
    </datafield>
    <datafield ind1="1" ind2="4" tag="245">
      <subfield code="a">The American Civil War :</subfield>
      <subfield code="b">a military history /</subfield>

      <subfield code="c">John Keegan.</subfield>
    </datafield>
    <datafield ind1=" " ind2=" " tag="260">
      <subfield code="a">New York :</subfield>
      <subfield code="b">Alfred A. Knopf,</subfield>
      <subfield code="c">2009.</subfield>
    </datafield>

    <datafield ind1=" " ind2=" " tag="300">
      <subfield code="a">xvi, 396 p., [16] p. of plates :</subfield>
      <subfield code="b">ill., maps, ports. ;</subfield>
      <subfield code="c">25 cm.</subfield>
    </datafield>
    <datafield ind1="0" ind2=" " tag="505">
      <subfield code="a">North and South divide -- Will there be a war? -- Improvised armies -- Running the war -- The military geography of the Civil War -- The life of the soldier -- Plans -- McClellan takes command -- The war in middle America -- Lee's war in the East, Grant's war in the West -- Chancellorsville and Gettysburg -- Vicksburg -- Cutting the Chattanooga-Atlanta link -- The overland campaign and the fall of Richmond -- Breaking into the South -- The battle off Cherbourg and the Civil War at sea -- Black soldiers -- The home fronts -- Walt Whitman and wounds -- Civil War generalship -- Civl War battle -- Could the South have survived? -- The end of the war.</subfield>

    </datafield>
    <datafield ind1=" " ind2=" " tag="520">
      <subfield code="a">Analyzes many puzzling aspects of the Civil War, from its mismatched sides to the absence of decisive outcomes for dozens of skirmishes, and offers insight into the war's psychology, ideology, and economics while discussing the pivotal roles of leadership and geography.</subfield>
    </datafield>
    <datafield ind1=" " ind2="0" tag="651">
      <subfield code="a">United States</subfield>
      <subfield code="x">History</subfield>

      <subfield code="y">Civil War, 1861-1865</subfield>
      <subfield code="x">Campaigns.</subfield>
    </datafield>
    <datafield ind1=" " ind2="0" tag="650">
      <subfield code="a">Military geography</subfield>
      <subfield code="z">United States</subfield>
      <subfield code="x">History</subfield>

      <subfield code="y">19th century.</subfield>
    </datafield>
    <datafield ind1=" " ind2="0" tag="651">
      <subfield code="a">United States</subfield>
      <subfield code="x">History</subfield>
      <subfield code="y">Civil War, 1861-1865</subfield>
      <subfield code="x">Strategic aspects.</subfield>

    </datafield>
    <datafield ind1=" " ind2="0" tag="651">
      <subfield code="a">United States</subfield>
      <subfield code="x">Geography.</subfield>
    </datafield>
    <datafield ind1="4" ind2="2" tag="856">
      <subfield code="3">Contributor biographical information</subfield>

      <subfield code="u">http://www.loc.gov/catdir/enhancements/fy1005/2009019469-b.html</subfield>
    </datafield>
    <datafield ind1="4" ind2="2" tag="856">
      <subfield code="3">Publisher description</subfield>
      <subfield code="u">http://www.loc.gov/catdir/enhancements/fy1005/2009019469-d.html</subfield>
    </datafield>
    <datafield ind1="4" ind2="1" tag="856">

      <subfield code="3">Sample text</subfield>
      <subfield code="u">http://www.loc.gov/catdir/enhancements/fy1005/2009019469-s.html</subfield>
    </datafield>
  </record>
</recordData>
</record>