
<record>
<recordSchema>info:srw/schema/1/marcxml</recordSchema>
<recordPacking>xml</recordPacking>

<recordData>
<record xmlns="http://www.loc.gov/MARC21/slim">
    <leader>00000    a2200000   4500</leader>
    <controlfield tag="001">191732263</controlfield>
    <controlfield tag="008">080118s2008    mau                 eng  </controlfield>
    <datafield ind1=" " ind2=" " tag="020">
      <subfield code="a">9780618634002</subfield>
    </datafield>

    <datafield ind1=" " ind2=" " tag="020">
      <subfield code="a">0618634002</subfield>
    </datafield>
    <datafield ind1="1" ind2=" " tag="100">
      <subfield code="a">Ward, Andrew,</subfield>
      <subfield code="d">1946-</subfield>
    </datafield>

    <datafield ind1="1" ind2="4" tag="245">
      <subfield code="a">The slaves' war :</subfield>
      <subfield code="b">the Civil War in the words of former slaves /</subfield>
      <subfield code="c">Andrew Ward.</subfield>
    </datafield>
    <datafield ind1=" " ind2=" " tag="260">
      <subfield code="a">Boston :</subfield>

      <subfield code="b">Houghton Mifflin Co.,</subfield>
      <subfield code="c">2008.</subfield>
    </datafield>
    <datafield ind1=" " ind2=" " tag="300">
      <subfield code="a">xiv, 386 p., [16] p. of plates :</subfield>
      <subfield code="b">ill. ;</subfield>
      <subfield code="c">24 cm.</subfield>

    </datafield>
    <datafield ind1=" " ind2=" " tag="520">
      <subfield code="a">The first narrative history of the Civil War as told by the very people it freed. Historian of nineteenth-century and African-American history Andrew Ward weaves together hundreds of interviews, diaries, letters, and memoirs. Here is the Civil War as seen from slave quarters, kitchens, roadsides, swamps, and fields. Body servants, army cooks and launderers, runaways, teamsters, and gravediggers bring the war to richly detailed life. From slaves' theories about the causes of the Civil War to their frank assessments of major figures; from their searing memories of the carnage of battle to their often startling attitudes toward masters and liberators alike; and from their initial jubilation at the Yankee invasion of the slave South to the crushing disappointment of freedom's promise unfulfilled, this is a transformative vision of America's second revolution.--From publisher description.</subfield>
    </datafield>
    <datafield ind1="0" ind2="0" tag="505">
      <subfield code="t">Preface --</subfield>
      <subfield code="g">pt. 1. The</subfield>

      <subfield code="t">Union, 1850 to 1860 --</subfield>
      <subfield code="t">Prologue :</subfield>
      <subfield code="t">"We done now" --</subfield>
      <subfield code="g">1.</subfield>
      <subfield code="t">"Before their time" --</subfield>
      <subfield code="g">2. "A</subfield>

      <subfield code="t">grand man" --</subfield>
      <subfield code="g">3. "The</subfield>
      <subfield code="t">Union, gentlemen, the Union" --</subfield>
      <subfield code="g">pt. 2. The</subfield>
      <subfield code="t">East, 1861 --</subfield>
      <subfield code="g">4.</subfield>

      <subfield code="t">"Worser for us than ever" --</subfield>
      <subfield code="g">5.</subfield>
      <subfield code="t">"They's folks!" --</subfield>
      <subfield code="g">pt. 3. The</subfield>
      <subfield code="t">West, 1861 and 1862 --</subfield>
      <subfield code="g">6.</subfield>

      <subfield code="t">" Grant shelling the rebels!" --</subfield>
      <subfield code="g">7. "The</subfield>
      <subfield code="t">blood run deep" --</subfield>
      <subfield code="g">8.</subfield>
      <subfield code="t">"I couldn't leave" --</subfield>
      <subfield code="g">pt. 4. The</subfield>

      <subfield code="t">East, 1862 --</subfield>
      <subfield code="g">9.</subfield>
      <subfield code="t">"This child just pray" --</subfield>
      <subfield code="g">10. "A</subfield>
      <subfield code="t">squally time" --</subfield>
      <subfield code="g">11.</subfield>

      <subfield code="t">"Ain't God the captain?" --</subfield>
      <subfield code="g">pt. 5. The</subfield>
      <subfield code="t">West, 1863 --</subfield>
      <subfield code="g">12.</subfield>
      <subfield code="t">"I rejoiced all i could" --</subfield>
      <subfield code="g">13.</subfield>

      <subfield code="t">"Ungodly times" --</subfield>
      <subfield code="g">14.</subfield>
      <subfield code="t">"Ain't over yet" --</subfield>
      <subfield code="g">15.</subfield>
      <subfield code="t">"Running from the war" --</subfield>
      <subfield code="g">16. "A</subfield>

      <subfield code="t">drizzly day" --</subfield>
      <subfield code="g">pt. 6. The</subfield>
      <subfield code="t">East, 1863 --</subfield>
      <subfield code="g">17.</subfield>
      <subfield code="t">"All the poor soldiers" --</subfield>
      <subfield code="g">18.</subfield>

      <subfield code="t">"Fearing and trembling" --</subfield>
      <subfield code="g">pt. 7. The</subfield>
      <subfield code="t">West, 1864 --</subfield>
      <subfield code="g">19.</subfield>
      <subfield code="t">"Still I rebelled" --</subfield>
      <subfield code="g">20. "A</subfield>

      <subfield code="t">rugged cross" --</subfield>
      <subfield code="g">21.</subfield>
      <subfield code="t">"Don't want any such again" --</subfield>
      <subfield code="g">pt. 8. The</subfield>
      <subfield code="t">East, 1864 --</subfield>
      <subfield code="g">22.</subfield>

      <subfield code="t">"All that killing" --</subfield>
      <subfield code="g">23. "A</subfield>
      <subfield code="t">most scandalous thing" --</subfield>
      <subfield code="g">pt. 9.</subfield>
      <subfield code="t">Sherman, 1864 --</subfield>
      <subfield code="g">24.</subfield>

      <subfield code="t">"Ain't gonna be long now" --</subfield>
      <subfield code="g">25.</subfield>
      <subfield code="t">"What they care? " --</subfield>
      <subfield code="g">pt. 10.</subfield>
      <subfield code="t">East and West, 1865 --</subfield>
      <subfield code="g">26.</subfield>

      <subfield code="t">"I have seen father Abraham" --</subfield>
      <subfield code="g">27. " The</subfield>
      <subfield code="t">plans of God" --</subfield>
      <subfield code="g">28. "A</subfield>
      <subfield code="t">tired old man" --</subfield>
      <subfield code="g">29. "The</subfield>

      <subfield code="t">row's end" --</subfield>
      <subfield code="g">30.</subfield>
      <subfield code="t">"Nowhere to go" --</subfield>
      <subfield code="g">31.</subfield>
      <subfield code="t">"I got my own again --</subfield>
      <subfield code="t">Epilogue :</subfield>

      <subfield code="t">"All alike" --</subfield>
      <subfield code="t">Author's note :</subfield>
      <subfield code="t">"We'll talk this story over" ---</subfield>
      <subfield code="g">A</subfield>
      <subfield code="t">directory of witnesses --</subfield>
      <subfield code="t">Acknowledgments --</subfield>

      <subfield code="t">Sources --</subfield>
      <subfield code="t">Index.</subfield>
    </datafield>
    <datafield ind1=" " ind2="0" tag="651">
      <subfield code="a">United States</subfield>
      <subfield code="x">History</subfield>
      <subfield code="y">Civil War, 1861-1865</subfield>

      <subfield code="v">Personal narratives.</subfield>
    </datafield>
    <datafield ind1=" " ind2="0" tag="651">
      <subfield code="a">United States</subfield>
      <subfield code="x">History</subfield>
      <subfield code="y">Civil War, 1861-1865</subfield>
      <subfield code="x">African Americans.</subfield>

    </datafield>
    <datafield ind1=" " ind2="0" tag="650">
      <subfield code="a">Slaves</subfield>
      <subfield code="z">Southern States</subfield>
      <subfield code="v">Biography.</subfield>
    </datafield>
    <datafield ind1=" " ind2="0" tag="650">

      <subfield code="a">Freedmen</subfield>
      <subfield code="z">United States</subfield>
      <subfield code="v">Biography.</subfield>
    </datafield>
    <datafield ind1=" " ind2="0" tag="650">
      <subfield code="a">African Americans</subfield>
      <subfield code="v">Biography.</subfield>

    </datafield>
    <datafield ind1=" " ind2="0" tag="651">
      <subfield code="a">United States</subfield>
      <subfield code="x">History</subfield>
      <subfield code="y">Civil War, 1861-1865</subfield>
      <subfield code="x">Social aspects.</subfield>
    </datafield>

    <datafield ind1="4" ind2="2" tag="856">
      <subfield code="3">Contributor biographical information</subfield>
      <subfield code="u">http://www.loc.gov/catdir/enhancements/fy0905/2008001532-b.html</subfield>
    </datafield>
    <datafield ind1="4" ind2="2" tag="856">
      <subfield code="3">Publisher description</subfield>
      <subfield code="u">http://www.loc.gov/catdir/enhancements/fy0905/2008001532-d.html</subfield>

    </datafield>
    <datafield ind1="4" ind2="1" tag="856">
      <subfield code="3">Sample text</subfield>
      <subfield code="u">http://www.loc.gov/catdir/enhancements/fy0905/2008001532-s.html</subfield>
    </datafield>
    <datafield ind1="4" ind2="1" tag="856">
      <subfield code="3">Table of contents only</subfield>

      <subfield code="u">http://www.loc.gov/catdir/enhancements/fy0905/2008001532-t.html</subfield>
    </datafield>
  </record>
</recordData>
</record>