
<record>
<recordSchema>info:srw/schema/1/marcxml</recordSchema>
<recordPacking>xml</recordPacking>
<recordData>
<record xmlns="http://www.loc.gov/MARC21/slim">
    <leader>00000    a2200000   4500</leader>

    <controlfield tag="001">57408580</controlfield>
    <controlfield tag="008">050112s2004    cau                 eng d</controlfield>
    <datafield ind1=" " ind2=" " tag="020">
      <subfield code="a">1415702470</subfield>
    </datafield>
    <datafield ind1=" " ind2=" " tag="020">
      <subfield code="a">9781415702475</subfield>

    </datafield>
    <datafield ind1="0" ind2="4" tag="245">
      <subfield code="a">The Civil War</subfield>
      <subfield code="h">[videorecording] /</subfield>
      <subfield code="c">American Documentaries, Inc., Florentine Films and Time-Life Video presents a film by Ken Burns ; producers, Ken Burns, Ric Burns ; writers, Ken Burns, Ric Burns, Geoffrey C. Ward ; director, Ken Burns.</subfield>
    </datafield>
    <datafield ind1=" " ind2=" " tag="260">

      <subfield code="a">Burbank, CA :</subfield>
      <subfield code="b">PBS Home Video :</subfield>
      <subfield code="b">Distributed by Paramount Home Entertainment,</subfield>
      <subfield code="c">[2004], c1990.</subfield>
    </datafield>
    <datafield ind1=" " ind2=" " tag="300">
      <subfield code="a">5 videodiscs (700 min.) :</subfield>

      <subfield code="b">sd., col. with b&amp;w sequences ;</subfield>
      <subfield code="c">4 3/4 in.</subfield>
    </datafield>
    <datafield ind1=" " ind2=" " tag="538">
      <subfield code="a">DVD, 5.1 surround sound, digitally remastered.</subfield>
    </datafield>
    <datafield ind1=" " ind2=" " tag="546">

      <subfield code="a">Closed-captioned.</subfield>
    </datafield>
    <datafield ind1=" " ind2=" " tag="500">
      <subfield code="a">Originally produced as a television mini-series in 1990.</subfield>
    </datafield>
    <datafield ind1="8" ind2=" " tag="521">
      <subfield code="a">MPAA rating: Not rated.</subfield>

    </datafield>
    <datafield ind1="0" ind2=" " tag="505">
      <subfield code="a">Disc 1. Episode one : the Cause (1861), DVD special features -- Disc 2. Episodes two and three : A Very Bloody Affair, Forever Free (1862) -- Disc 3. Episodes four and five : Simply Murder, the Universe of Battle (1863) -- Disc 4. Episodes six and seven : Valley of the Shadow of Death, Most Hallowed Ground (1864) -- Disc 5. Episodes eight and nine : War is All Hell, the Better Angles of Our Nature (1865)</subfield>
    </datafield>
    <datafield ind1=" " ind2=" " tag="520">
      <subfield code="a">An epic documentary bringing life to America's most destructive - and defining - conflict. Here is the saga of celebrated generals and the ordinary soldiers. A heroic and transcendent president and a country that had to divide itself in two in order to become one again.</subfield>
    </datafield>
    <datafield ind1=" " ind2=" " tag="586">

      <subfield code="a">Emmy Awards, 1991: Emmy Outstanding Individual Achievement - Informational Programming (Geoffrey C. Ward (writer), Ric Burns (writer), Ken Burns (writer) - For episode #9: "The Better Angels Of Our Nature") ; Outstanding Informational Series (Ken Burns (producer), Ric Burns (producer), Stephen Ives (co-producer), Julie Dunfey (co-producer), Mike Hill (co-producer), Catherine Eisele (coordinating producer) - For episode #5 "The Universe Of Battle").</subfield>
    </datafield>
    <datafield ind1=" " ind2=" " tag="500">
      <subfield code="a">Special features: behind-the-scenes: "The Civil War Reconstruction" ; commentary track by Ken Burns ; interviews with George Will, Shelby Foote and Stanley Crouch ; biography cards and battlefield maps.</subfield>
    </datafield>
    <datafield ind1=" " ind2="0" tag="651">
      <subfield code="a">United States</subfield>

      <subfield code="x">History</subfield>
      <subfield code="y">Civil War, 1861-1865.</subfield>
    </datafield>
    <datafield ind1=" " ind2="0" tag="651">
      <subfield code="a">Confederate States of America</subfield>
      <subfield code="x">History, Military.</subfield>
    </datafield>

    <datafield ind1=" " ind2="0" tag="650">
      <subfield code="a">Military art and science</subfield>
      <subfield code="x">History.</subfield>
    </datafield>
    <datafield ind1="1" ind2="0" tag="600">
      <subfield code="a">Lincoln, Abraham,</subfield>
      <subfield code="d">1809-1865.</subfield>

    </datafield>
    <datafield ind1=" " ind2="0" tag="650">
      <subfield code="a">Bull Run, 1st Battle of, Va., 1861.</subfield>
    </datafield>
    <datafield ind1=" " ind2="0" tag="655">
      <subfield code="a">Historical television programs.</subfield>
    </datafield>
    <datafield ind1=" " ind2="0" tag="655">

      <subfield code="a">Documentary television programs.</subfield>
    </datafield>
    <datafield ind1=" " ind2="0" tag="655">
      <subfield code="a">Television mini-series.</subfield>
    </datafield>
    <datafield ind1=" " ind2="0" tag="655">
      <subfield code="a">Video recordings for the hearing impaired.</subfield>

    </datafield>
    <datafield ind1=" " ind2="0" tag="655">
      <subfield code="a">DVD-Video discs.</subfield>
    </datafield>
    <datafield ind1=" " ind2="7" tag="655">
      <subfield code="a">Television documentary.</subfield>
      <subfield code="2">migfg</subfield>

    </datafield>
    <datafield ind1="1" ind2=" " tag="700">
      <subfield code="a">Burns, Ken,</subfield>
      <subfield code="d">1953-</subfield>
    </datafield>
    <datafield ind1="1" ind2=" " tag="700">
      <subfield code="a">Burns, Ric.</subfield>

    </datafield>
    <datafield ind1="1" ind2=" " tag="700">
      <subfield code="a">Dewhurst, Colleen.</subfield>
    </datafield>
    <datafield ind1="1" ind2=" " tag="700">
      <subfield code="a">Fishburne, Larry.</subfield>
    </datafield>
    <datafield ind1="1" ind2=" " tag="700">

      <subfield code="a">Freeman, Morgan.</subfield>
    </datafield>
    <datafield ind1="1" ind2=" " tag="700">
      <subfield code="a">Irons, Jeremy,</subfield>
      <subfield code="d">1948-</subfield>
    </datafield>
    <datafield ind1="1" ind2=" " tag="700">

      <subfield code="a">Jacobi, Derek.</subfield>
    </datafield>
    <datafield ind1="1" ind2=" " tag="700">
      <subfield code="a">Robards, Jason.</subfield>
    </datafield>
    <datafield ind1="1" ind2=" " tag="700">
      <subfield code="a">Waterston, Sam.</subfield>

    </datafield>
    <datafield ind1="1" ind2=" " tag="700">
      <subfield code="a">Shaw, Bruce.</subfield>
    </datafield>
    <datafield ind1="1" ind2=" " tag="700">
      <subfield code="a">Axton, Hoyt.</subfield>
    </datafield>
    <datafield ind1="1" ind2=" " tag="700">

      <subfield code="a">Ward, Geoffrey C.</subfield>
    </datafield>
    <datafield ind1="1" ind2=" " tag="700">
      <subfield code="a">McCullough, David G.</subfield>
    </datafield>
    <datafield ind1="2" ind2=" " tag="710">
      <subfield code="a">American Documentary, Inc.</subfield>

    </datafield>
    <datafield ind1="2" ind2=" " tag="710">
      <subfield code="a">Florentine Films.</subfield>
    </datafield>
    <datafield ind1="2" ind2=" " tag="710">
      <subfield code="a">Time-Life Video.</subfield>
    </datafield>
    <datafield ind1="2" ind2=" " tag="710">

      <subfield code="a">PBS Home Video.</subfield>
    </datafield>
    <datafield ind1="2" ind2=" " tag="710">
      <subfield code="a">Paramount Home Entertainment (Firm)</subfield>
    </datafield>
  </record>
</recordData>
</record>