
<record>

<recordSchema>info:srw/schema/1/marcxml</recordSchema>
<recordPacking>xml</recordPacking>
<recordData>
<record xmlns="http://www.loc.gov/MARC21/slim">
    <leader>00000    a2200000   4500</leader>
    <controlfield tag="001">74915689</controlfield>
    <controlfield tag="008">061023s2007    enk                 eng  </controlfield>
    <datafield ind1=" " ind2=" " tag="020">

      <subfield code="a">9780195313666 (hardcover : alk. paper)</subfield>
    </datafield>
    <datafield ind1=" " ind2=" " tag="020">
      <subfield code="a">0195313666 (hardcover : alk. paper)</subfield>
    </datafield>
    <datafield ind1="1" ind2=" " tag="100">
      <subfield code="a">McPherson, James M.</subfield>

    </datafield>
    <datafield ind1="1" ind2="0" tag="245">
      <subfield code="a">This mighty scourge :</subfield>
      <subfield code="b">perspectives on the Civil War /</subfield>
      <subfield code="c">James M. McPherson.</subfield>
    </datafield>
    <datafield ind1=" " ind2=" " tag="260">

      <subfield code="a">Oxford ;</subfield>
      <subfield code="a">New York :</subfield>
      <subfield code="b">Oxford University Press,</subfield>
      <subfield code="c">2007.</subfield>
    </datafield>
    <datafield ind1=" " ind2=" " tag="300">
      <subfield code="a">xii, 260 p. ;</subfield>

      <subfield code="c">24 cm.</subfield>
    </datafield>
    <datafield ind1=" " ind2=" " tag="500">
      <subfield code="a">Includes bibliographical references (p. 223-251) and index.</subfield>
    </datafield>
    <datafield ind1="0" ind2=" " tag="505">
      <subfield code="a">Slavery and the coming of the war. And the war came ; Escape and revolt in black and white -- The lost cause revisited. The Confederacy : a house divided? ; Was the best defense a good offense? : Jefferson Davis and Confederate strategies ; The Saratoga that wasn't : the impact of Antietam abroad ; To conquer a peace? : Lee's goals in the Gettysburg campaign ; The last rebel : Jesse James ; Long-legged Yankee lies : the lost cause textbook crusade -- Architects of victory. "We stand by each other always" : Grant and Sherman ; The hard hand of war : Unvexed to the sea : Lincoln, Grant, and the Vicksburg campaign -- Home front and battle front. Brahmins at war ; "Spend much time in reading the daily papers" : the press and army morale in the Civil War ; No peace without victory, 1861-1865 -- Lincoln. To remember that he had lived ; "As commander-in-chief I have the right to take any measure which may best subdue the enemy.</subfield>

    </datafield>
    <datafield ind1=" " ind2="0" tag="651">
      <subfield code="a">United States</subfield>
      <subfield code="x">History</subfield>
      <subfield code="y">Civil War, 1861-1865.</subfield>
    </datafield>
    <datafield ind1=" " ind2="6" tag="651">

      <subfield code="a">États-Unis</subfield>
      <subfield code="x">Histoire</subfield>
      <subfield code="y">1861-1865 (Guerre de Sécession)</subfield>
    </datafield>
    <datafield ind1="0" ind2="7" tag="650">
      <subfield code="a">Sezessionskrieg &lt;1861-1865&gt;</subfield>

      <subfield code="2">swd</subfield>
    </datafield>
    <datafield ind1="4" ind2="1" tag="856">
      <subfield code="3">Table of contents only</subfield>
      <subfield code="u">http://www.loc.gov/catdir/toc/ecip074/2006035523.html</subfield>
    </datafield>
    <datafield ind1="4" ind2="2" tag="856">

      <subfield code="3">Contributor biographical information</subfield>
      <subfield code="u">http://www.loc.gov/catdir/enhancements/fy0725/2006035523-b.html</subfield>
    </datafield>
    <datafield ind1="4" ind2="2" tag="856">
      <subfield code="3">Publisher description</subfield>
      <subfield code="u">http://www.loc.gov/catdir/enhancements/fy0725/2006035523-d.html</subfield>
    </datafield>

    <datafield ind1="4" ind2="2" tag="856">
      <subfield code="3">Book review (H-Net)</subfield>
      <subfield code="u">http://www.h-net.org/review/hrev-a0f5s7-aa</subfield>
    </datafield>
  </record>
</recordData>
</record>