
<record>
<recordSchema>info:srw/schema/1/marcxml</recordSchema>

<recordPacking>xml</recordPacking>
<recordData>
<record xmlns="http://www.loc.gov/MARC21/slim">
    <leader>00000    a2200000   4500</leader>
    <controlfield tag="001">62381518</controlfield>
    <controlfield tag="008">051117s2006    nyu                 eng  </controlfield>
    <datafield ind1=" " ind2=" " tag="020">
      <subfield code="a">0805067396</subfield>

    </datafield>
    <datafield ind1=" " ind2=" " tag="020">
      <subfield code="a">9780805067392</subfield>
    </datafield>
    <datafield ind1="1" ind2=" " tag="100">
      <subfield code="a">Bahr, Howard,</subfield>
      <subfield code="d">1946-</subfield>

    </datafield>
    <datafield ind1="1" ind2="4" tag="245">
      <subfield code="a">The Judas Field :</subfield>
      <subfield code="b">a novel of the Civil War /</subfield>
      <subfield code="c">Howard Bahr.</subfield>
    </datafield>
    <datafield ind1=" " ind2=" " tag="260">

      <subfield code="a">New York :</subfield>
      <subfield code="b">H. Holt.,</subfield>
      <subfield code="c">2006.</subfield>
    </datafield>
    <datafield ind1=" " ind2=" " tag="300">
      <subfield code="a">292 p. ;</subfield>
      <subfield code="c">25 cm.</subfield>

    </datafield>
    <datafield ind1=" " ind2=" " tag="520">
      <subfield code="a">It's been twenty years since Cass Wakefield returned from the Civil War to his hometown in Mississippi, but he is still haunted by battlefield memories. Now he is presented with a chance to literally retrace his steps from the past, as his dying friend Alison urges him to accompany her on a trip to Franklin, Tennessee, to recover the bodies of her father and brother. As they make their way north over the battlefields, they are joined by two of Cass's former brothers-in-arms, and his memories reemerge with overwhelming vividness. Before long the group has assembled on the haunted ground of Franklin, where past and present--the legacy of the war and the narrow hope of redemption--will draw each of them toward a painful confrontation. Moving between harrowing scenes of battle and the novel's present-day quest, author Bahr recreates this era with devastating authority.--From publisher description.</subfield>
    </datafield>
    <datafield ind1=" " ind2="0" tag="651">
      <subfield code="a">United States</subfield>
      <subfield code="x">History</subfield>

      <subfield code="y">Civil War, 1861-1865</subfield>
      <subfield code="v">Fiction.</subfield>
    </datafield>
    <datafield ind1=" " ind2="0" tag="651">
      <subfield code="a">Southern States</subfield>
      <subfield code="v">Fiction.</subfield>
    </datafield>

    <datafield ind1=" " ind2="7" tag="655">
      <subfield code="a">Historical fiction.</subfield>
      <subfield code="2">gsafd</subfield>
    </datafield>
    <datafield ind1=" " ind2="7" tag="655">
      <subfield code="a">War stories.</subfield>
      <subfield code="2">gsafd</subfield>

    </datafield>
    <datafield ind1=" " ind2="0" tag="650">
      <subfield code="a">Historical fiction.</subfield>
      <subfield code="2">gsafd</subfield>
    </datafield>
    <datafield ind1=" " ind2="0" tag="650">
      <subfield code="a">War stories.</subfield>

      <subfield code="2">gsafd</subfield>
    </datafield>
    <datafield ind1="4" ind2="2" tag="856">
      <subfield code="3">Contributor biographical information</subfield>
      <subfield code="u">http://www.loc.gov/catdir/enhancements/fy0625/2005055011-b.html</subfield>
    </datafield>
    <datafield ind1="4" ind2="2" tag="856">

      <subfield code="3">Publisher description</subfield>
      <subfield code="u">http://www.loc.gov/catdir/enhancements/fy0625/2005055011-d.html</subfield>
    </datafield>
    <datafield ind1="4" ind2="1" tag="856">
      <subfield code="3">Sample text</subfield>
      <subfield code="u">http://www.loc.gov/catdir/enhancements/fy0701/2005055011-s.html</subfield>
    </datafield>
  </record>
